|raw|<div class="broadcast-blue"><strong>This battle is required to be public due to a player having a name starting with 'rbysd'.</div>
|j|☆rby sd sweep
|j|☆rbysd dsybr
|t:|1773527219
|gametype|singles
|player|p1|rby sd sweep|1|1464
|player|p2|rbysd dsybr|lucas|1445
|gen|1
|tier|[Gen 1] OU
|rated|
|rule|Desync Clause Mod: Desyncs changed to move failure.
|rule|HP Percentage Mod: HP is shown in percentages
|rule|Endless Battle Clause: Forcing endless battles is banned
|rule|Sleep Clause Mod: Limit one foe put to sleep
|rule|Freeze Clause Mod: Limit one foe frozen
|rule|Species Clause: Limit one of each Pokémon
|rule|OHKO Clause: OHKO moves are banned
|rule|Evasion Moves Clause: Evasion moves are banned
|
|t:|1773527219
|teamsize|p1|6
|teamsize|p2|6
|start
|switch|p1a: Alakazam|Alakazam|100/100
|switch|p2a: Jynx|Jynx|100/100
|turn|1
|inactive|Battle timer is ON: inactive players will automatically lose when time's up. (requested by rbysd dsybr)
|
|t:|1773527259
|move|p1a: Alakazam|Thunder Wave|p2a: Jynx
|-status|p2a: Jynx|par
|move|p2a: Jynx|Lovely Kiss|p1a: Alakazam
|-status|p1a: Alakazam|slp|[from] move: Lovely Kiss
|
|upkeep
|turn|2
|
|t:|1773527269
|switch|p1a: Starmie|Starmie|100/100
|move|p2a: Jynx|Blizzard|p1a: Starmie
|-resisted|p1a: Starmie
|-damage|p1a: Starmie|78/100
|
|upkeep
|turn|3
|
|t:|1773527276
|switch|p2a: Chansey|Chansey|100/100
|move|p1a: Starmie|Thunderbolt|p2a: Chansey
|-crit|p2a: Chansey
|-damage|p2a: Chansey|79/100
|
|upkeep
|turn|4
|
|t:|1773527287
|switch|p1a: Alakazam|Alakazam|100/100 slp
|move|p2a: Chansey|Thunder Wave|p1a: Alakazam
|-fail|p1a: Alakazam
|
|upkeep
|turn|5
|
|t:|1773527291
|cant|p1a: Alakazam|slp
|move|p2a: Chansey|Seismic Toss|p1a: Alakazam
|-damage|p1a: Alakazam|69/100 slp
|
|upkeep
|turn|6
|
|t:|1773527305
|switch|p1a: Rhydon|Rhydon|100/100
|switch|p2a: Tauros|Tauros|100/100
|
|upkeep
|turn|7
|
|t:|1773527311
|switch|p1a: Snorlax|Snorlax|100/100
|move|p2a: Tauros|Body Slam|p1a: Snorlax
|-damage|p1a: Snorlax|76/100
|
|upkeep
|turn|8
|
|t:|1773527315
|move|p2a: Tauros|Blizzard|p1a: Snorlax
|-crit|p1a: Snorlax
|-damage|p1a: Snorlax|38/100
|move|p1a: Snorlax|Body Slam|p2a: Tauros
|-damage|p2a: Tauros|71/100
|
|upkeep
|turn|9
|
|t:|1773527326
|move|p2a: Tauros|Body Slam|p1a: Snorlax
|-damage|p1a: Snorlax|13/100
|move|p1a: Snorlax|Self-Destruct|p2a: Tauros
|-damage|p2a: Tauros|0 fnt
|faint|p2a: Tauros
|faint|p1a: Snorlax
|
|t:|1773527339
|switch|p2a: Starmie|Starmie|100/100
|switch|p1a: Exeggutor|Exeggutor|100/100
|turn|10
|
|t:|1773527352
|move|p2a: Starmie|Blizzard|p1a: Exeggutor
|-supereffective|p1a: Exeggutor
|-damage|p1a: Exeggutor|62/100
|move|p1a: Exeggutor|Sleep Powder|p2a: Starmie|[miss]
|-miss|p1a: Exeggutor
|
|upkeep
|turn|11
|
|t:|1773527357
|switch|p2a: Jynx|Jynx|100/100 par
|switch|p1a: Starmie|Starmie|78/100
|
|upkeep
|turn|12
|
|t:|1773527365
|move|p1a: Starmie|Thunderbolt|p2a: Jynx
|-damage|p2a: Jynx|76/100 par
|cant|p2a: Jynx|par
|
|upkeep
|turn|13
|
|t:|1773527371
|switch|p2a: Chansey|Chansey|79/100
|move|p1a: Starmie|Thunderbolt|p2a: Chansey
|-damage|p2a: Chansey|68/100
|
|upkeep
|turn|14
|
|t:|1773527379
|move|p1a: Starmie|Thunder Wave|p2a: Chansey
|-status|p2a: Chansey|par
|move|p2a: Chansey|Thunder Wave|p1a: Starmie
|-status|p1a: Starmie|par
|
|upkeep
|turn|15
|
|t:|1773527384
|move|p1a: Starmie|Recover|p1a: Starmie
|-heal|p1a: Starmie|100/100 par
|move|p2a: Chansey|Seismic Toss|p1a: Starmie
|-damage|p1a: Starmie|70/100 par
|
|upkeep
|turn|16
|
|t:|1773527387
|move|p1a: Starmie|Recover|p1a: Starmie
|-heal|p1a: Starmie|100/100 par
|move|p2a: Chansey|Seismic Toss|p1a: Starmie
|-damage|p1a: Starmie|70/100 par
|
|upkeep
|turn|17
|
|t:|1773527390
|move|p1a: Starmie|Recover|p1a: Starmie
|-heal|p1a: Starmie|100/100 par
|move|p2a: Chansey|Seismic Toss|p1a: Starmie
|-damage|p1a: Starmie|70/100 par
|
|upkeep
|turn|18
|
|t:|1773527393
|move|p1a: Starmie|Recover|p1a: Starmie
|-heal|p1a: Starmie|100/100 par
|move|p2a: Chansey|Seismic Toss|p1a: Starmie
|-damage|p1a: Starmie|70/100 par
|
|upkeep
|turn|19
|
|t:|1773527401
|switch|p2a: Rhydon|Rhydon|100/100
|cant|p1a: Starmie|par
|
|upkeep
|turn|20
|
|t:|1773527409
|switch|p1a: Tauros|Tauros|100/100
|move|p2a: Rhydon|Earthquake|p1a: Tauros
|-damage|p1a: Tauros|60/100
|
|upkeep
|turn|21
|
|t:|1773527415
|switch|p2a: Starmie|Starmie|100/100
|move|p1a: Tauros|Body Slam|p2a: Starmie
|-damage|p2a: Starmie|66/100
|
|upkeep
|turn|22
|
|t:|1773527422
|move|p2a: Starmie|Psychic|p1a: Tauros
|-damage|p1a: Tauros|19/100
|move|p1a: Tauros|Body Slam|p2a: Starmie
|-damage|p2a: Starmie|30/100
|
|upkeep
|turn|23
|
|t:|1773527429
|switch|p1a: Starmie|Starmie|70/100 par
|move|p2a: Starmie|Psychic|p1a: Starmie
|-resisted|p1a: Starmie
|-damage|p1a: Starmie|54/100 par
|
|upkeep
|turn|24
|
|t:|1773527433
|move|p2a: Starmie|Recover|p2a: Starmie
|-heal|p2a: Starmie|80/100
|cant|p1a: Starmie|par
|
|upkeep
|turn|25
|
|t:|1773527436
|switch|p2a: Rhydon|Rhydon|100/100
|cant|p1a: Starmie|par
|
|upkeep
|turn|26
|c|☆rby sd sweep|u are so good shane
|
|t:|1773527445
|switch|p1a: Exeggutor|Exeggutor|62/100
|move|p2a: Rhydon|Body Slam|p1a: Exeggutor
|-damage|p1a: Exeggutor|39/100
|-status|p1a: Exeggutor|par
|
|upkeep
|turn|27
|
|t:|1773527449
|switch|p2a: Jynx|Jynx|76/100 par
|move|p1a: Exeggutor|Rest|p1a: Exeggutor
|-status|p1a: Exeggutor|slp|[from] move: Rest
|-heal|p1a: Exeggutor|100/100 slp|[silent]
|
|upkeep
|turn|28
|
|t:|1773527455
|switch|p1a: Starmie|Starmie|54/100 par
|cant|p2a: Jynx|par
|
|upkeep
|turn|29
|
|t:|1773527458
|cant|p1a: Starmie|par
|move|p2a: Jynx|Psychic|p1a: Starmie
|-crit|p1a: Starmie
|-resisted|p1a: Starmie
|-damage|p1a: Starmie|21/100 par
|-unboost|p1a: Starmie|spa|1
|-unboost|p1a: Starmie|spd|1
|
|upkeep
|turn|30
|c|☆rby sd sweep|so good
|
|t:|1773527465
|switch|p1a: Alakazam|Alakazam|69/100 slp
|move|p2a: Jynx|Blizzard|p1a: Alakazam
|-damage|p1a: Alakazam|31/100 slp
|
|upkeep
|turn|31
|
|t:|1773527472
|switch|p2a: Cloyster|Cloyster|100/100
|cant|p1a: Alakazam|slp
|
|upkeep
|turn|32
|
|t:|1773527477
|-curestatus|p1a: Alakazam|slp|[msg]
|move|p2a: Cloyster|Blizzard|p1a: Alakazam
|-damage|p1a: Alakazam|0 fnt
|faint|p1a: Alakazam
|
|t:|1773527481
|switch|p1a: Tauros|Tauros|19/100
|turn|33
|
|t:|1773527483
|move|p1a: Tauros|Body Slam|p2a: Cloyster
|-damage|p2a: Cloyster|77/100
|-status|p2a: Cloyster|par
|cant|p2a: Cloyster|par
|
|upkeep
|turn|34
|
|t:|1773527491
|move|p1a: Tauros|Rest|p1a: Tauros
|-status|p1a: Tauros|slp|[from] move: Rest
|-heal|p1a: Tauros|100/100 slp|[silent]
|move|p2a: Cloyster|Blizzard|p1a: Tauros
|-damage|p1a: Tauros|52/100 slp
|
|upkeep
|turn|35
|
|t:|1773527496
|cant|p1a: Tauros|slp
|move|p2a: Cloyster|Blizzard|p1a: Tauros|[miss]
|-miss|p2a: Cloyster
|
|upkeep
|turn|36
|
|t:|1773527500
|-curestatus|p1a: Tauros|slp|[msg]
|move|p2a: Cloyster|Explosion|p1a: Tauros
|-damage|p1a: Tauros|0 fnt
|faint|p1a: Tauros
|faint|p2a: Cloyster
|
|t:|1773527516
|switch|p1a: Starmie|Starmie|21/100 par
|switch|p2a: Starmie|Starmie|80/100
|turn|37
|
|t:|1773527518
|move|p2a: Starmie|Psychic|p1a: Starmie
|-crit|p1a: Starmie
|-resisted|p1a: Starmie
|-damage|p1a: Starmie|0 fnt
|faint|p1a: Starmie
|c|☆rby sd sweep|lmfao
|c|☆rby sd sweep|disgusting
|
|t:|1773527526
|switch|p1a: Exeggutor|Exeggutor|100/100 slp
|turn|38
|
|t:|1773527532
|move|p2a: Starmie|Blizzard|p1a: Exeggutor|[miss]
|-miss|p2a: Starmie
|cant|p1a: Exeggutor|slp
|
|upkeep
|turn|39
|
|t:|1773527537
|switch|p2a: Jynx|Jynx|76/100 par
|-curestatus|p1a: Exeggutor|slp|[msg]
|
|upkeep
|turn|40
|
|t:|1773527540
|switch|p1a: Rhydon|Rhydon|100/100
|move|p2a: Jynx|Blizzard|p1a: Rhydon
|-supereffective|p1a: Rhydon
|-damage|p1a: Rhydon|0 fnt
|faint|p1a: Rhydon
|
|t:|1773527544
|switch|p1a: Exeggutor|Exeggutor|100/100
|turn|41
|
|t:|1773527548
|move|p1a: Exeggutor|Psychic|p2a: Jynx
|-resisted|p2a: Jynx
|-damage|p2a: Jynx|55/100 par
|move|p2a: Jynx|Lovely Kiss|p1a: Exeggutor
|-status|p1a: Exeggutor|slp|[from] move: Lovely Kiss
|
|upkeep
|turn|42
|
|t:|1773527562
|cant|p1a: Exeggutor|slp
|move|p2a: Jynx|Blizzard|p1a: Exeggutor
|-crit|p1a: Exeggutor
|-supereffective|p1a: Exeggutor
|-damage|p1a: Exeggutor|0 fnt
|faint|p1a: Exeggutor
|
|win|rbysd dsybr
|raw|rby sd sweep's rating: 1464 &rarr; <strong>1443</strong><br />(-21 for losing)
|raw|rbysd dsybr's rating: 1445 &rarr; <strong>1466</strong><br />(+21 for winning)
|l|☆rbysd dsybr
|player|p2|
|l|☆rby sd sweep
|player|p1|
