|inactive|Battle timer is ON: inactive players will automatically lose when time's up.
|t:|1773533293
|gametype|singles
|player|p1|violet river|#rbtt9moons2|
|player|p2|dangerk1d|pokemonrangerf-gen4|
|gen|1
|tier|[Gen 1] OU
|rule|Desync Clause Mod: Desyncs changed to move failure.
|rule|HP Percentage Mod: HP is shown in percentages
|rule|Endless Battle Clause: Forcing endless battles is banned
|rule|Sleep Clause Mod: Limit one foe put to sleep
|rule|Freeze Clause Mod: Limit one foe frozen
|rule|Species Clause: Limit one of each Pokémon
|rule|OHKO Clause: OHKO moves are banned
|rule|Evasion Moves Clause: Evasion moves are banned
|
|t:|1773533293
|teamsize|p1|6
|teamsize|p2|6
|start
|switch|p1a: Gengar|Gengar|100/100
|switch|p2a: Tauros|Tauros|100/100
|turn|1
|c|☆dangerk1d|hf
|
|t:|1773533307
|switch|p1a: Exeggutor|Exeggutor|100/100
|move|p2a: Tauros|Earthquake|p1a: Exeggutor
|-resisted|p1a: Exeggutor
|-damage|p1a: Exeggutor|89/100
|
|upkeep
|turn|2
|c|☆violet river|hfhf
|
|t:|1773533312
|move|p2a: Tauros|Body Slam|p1a: Exeggutor
|-damage|p1a: Exeggutor|60/100
|move|p1a: Exeggutor|Sleep Powder|p2a: Tauros|[miss]
|-miss|p1a: Exeggutor
|
|upkeep
|turn|3
|
|t:|1773533317
|move|p2a: Tauros|Body Slam|p1a: Exeggutor
|-damage|p1a: Exeggutor|29/100
|move|p1a: Exeggutor|Sleep Powder|p2a: Tauros
|-status|p2a: Tauros|slp|[from] move: Sleep Powder
|
|upkeep
|turn|4
|
|t:|1773533326
|cant|p2a: Tauros|slp
|move|p1a: Exeggutor|Psychic|p2a: Tauros
|-damage|p2a: Tauros|58/100 slp
|
|upkeep
|turn|5
|
|t:|1773533335
|switch|p2a: Starmie|Starmie|100/100
|move|p1a: Exeggutor|Stun Spore|p2a: Starmie
|-status|p2a: Starmie|par
|
|upkeep
|turn|6
|
|t:|1773533364
|switch|p1a: Snorlax|Snorlax|100/100
|cant|p2a: Starmie|par
|
|upkeep
|turn|7
|inactive|dangerk1d has 270 seconds left.
|
|t:|1773533408
|move|p1a: Snorlax|Body Slam|p2a: Starmie
|-damage|p2a: Starmie|66/100 par
|move|p2a: Starmie|Thunder Wave|p1a: Snorlax
|-status|p1a: Snorlax|par
|
|upkeep
|turn|8
|inactive|dangerk1d has 240 seconds left.
|
|t:|1773533424
|move|p2a: Starmie|Recover|p2a: Starmie
|-heal|p2a: Starmie|100/100 par
|move|p1a: Snorlax|Body Slam|p2a: Starmie
|-damage|p2a: Starmie|66/100 par
|
|upkeep
|turn|9
|
|t:|1773533429
|move|p2a: Starmie|Recover|p2a: Starmie
|-heal|p2a: Starmie|100/100 par
|move|p1a: Snorlax|Body Slam|p2a: Starmie
|-damage|p2a: Starmie|66/100 par
|
|upkeep
|turn|10
|
|t:|1773533433
|move|p2a: Starmie|Recover|p2a: Starmie
|-heal|p2a: Starmie|100/100 par
|cant|p1a: Snorlax|par
|
|upkeep
|turn|11
|
|t:|1773533438
|move|p2a: Starmie|Psychic|p1a: Snorlax
|-damage|p1a: Snorlax|75/100 par
|move|p1a: Snorlax|Body Slam|p2a: Starmie
|-damage|p2a: Starmie|62/100 par
|
|upkeep
|turn|12
|
|t:|1773533443
|cant|p2a: Starmie|par
|move|p1a: Snorlax|Body Slam|p2a: Starmie
|-damage|p2a: Starmie|25/100 par
|
|upkeep
|turn|13
|
|t:|1773533446
|move|p2a: Starmie|Recover|p2a: Starmie
|-heal|p2a: Starmie|74/100 par
|move|p1a: Snorlax|Body Slam|p2a: Starmie
|-damage|p2a: Starmie|38/100 par
|
|upkeep
|turn|14
|
|t:|1773533450
|move|p2a: Starmie|Recover|p2a: Starmie
|-heal|p2a: Starmie|87/100 par
|move|p1a: Snorlax|Body Slam|p2a: Starmie
|-damage|p2a: Starmie|49/100 par
|
|upkeep
|turn|15
|
|t:|1773533456
|move|p2a: Starmie|Recover|p2a: Starmie
|-heal|p2a: Starmie|99/100 par
|move|p1a: Snorlax|Body Slam|p2a: Starmie
|-damage|p2a: Starmie|61/100 par
|
|upkeep
|turn|16
|
|t:|1773533460
|cant|p2a: Starmie|par
|move|p1a: Snorlax|Body Slam|p2a: Starmie
|-damage|p2a: Starmie|22/100 par
|
|upkeep
|turn|17
|
|t:|1773533467
|move|p2a: Starmie|Recover|p2a: Starmie
|-heal|p2a: Starmie|72/100 par
|move|p1a: Snorlax|Hyper Beam|p2a: Starmie
|-damage|p2a: Starmie|10/100 par
|-mustrecharge|p1a: Snorlax
|
|upkeep
|turn|18
|
|t:|1773533472
|cant|p2a: Starmie|par
|cant|p1a: Snorlax|recharge
|
|upkeep
|turn|19
|
|t:|1773533488
|switch|p2a: Exeggutor|Exeggutor|100/100
|move|p1a: Snorlax|Hyper Beam|p2a: Exeggutor|[miss]
|-miss|p1a: Snorlax
|
|upkeep
|turn|20
|
|t:|1773533497
|switch|p2a: Rhydon|Rhydon|100/100
|cant|p1a: Snorlax|par
|
|upkeep
|turn|21
|
|t:|1773533502
|move|p2a: Rhydon|Rock Slide|p1a: Snorlax|[miss]
|-miss|p2a: Rhydon
|move|p1a: Snorlax|Reflect|p1a: Snorlax
|-start|p1a: Snorlax|Reflect
|
|upkeep
|turn|22
|
|t:|1773533520
|move|p2a: Rhydon|Substitute|p2a: Rhydon
|-start|p2a: Rhydon|Substitute
|-damage|p2a: Rhydon|76/100
|move|p1a: Snorlax|Body Slam|p2a: Rhydon
|-crit|p2a: Rhydon
|-resisted|p2a: Rhydon
|-activate|p2a: Rhydon|Substitute|[damage]
|
|upkeep
|turn|23
|
|t:|1773533524
|move|p2a: Rhydon|Earthquake|p1a: Snorlax
|-damage|p1a: Snorlax|56/100 par
|move|p1a: Snorlax|Body Slam|p2a: Rhydon
|-resisted|p2a: Rhydon
|-end|p2a: Rhydon|Substitute
|
|upkeep
|turn|24
|
|t:|1773533536
|switch|p2a: Snorlax|Snorlax|100/100
|move|p1a: Snorlax|Body Slam|p2a: Snorlax
|-damage|p2a: Snorlax|73/100
|
|upkeep
|turn|25
|
|t:|1773533542
|move|p2a: Snorlax|Reflect|p2a: Snorlax
|-start|p2a: Snorlax|Reflect
|move|p1a: Snorlax|Body Slam|p2a: Snorlax
|-damage|p2a: Snorlax|59/100
|
|upkeep
|turn|26
|
|t:|1773533545
|move|p2a: Snorlax|Body Slam|p1a: Snorlax
|-damage|p1a: Snorlax|42/100 par
|move|p1a: Snorlax|Rest|p1a: Snorlax
|-status|p1a: Snorlax|slp|[from] move: Rest
|-heal|p1a: Snorlax|100/100 slp|[silent]
|
|upkeep
|turn|27
|
|t:|1773533557
|switch|p2a: Exeggutor|Exeggutor|100/100
|cant|p1a: Snorlax|slp
|
|upkeep
|turn|28
|
|t:|1773533561
|move|p2a: Exeggutor|Sleep Powder|p1a: Snorlax
|-fail|p1a: Snorlax|slp
|-curestatus|p1a: Snorlax|slp|[msg]
|
|upkeep
|turn|29
|
|t:|1773533564
|switch|p1a: Exeggutor|Exeggutor|29/100
|move|p2a: Exeggutor|Sleep Powder|p1a: Exeggutor
|-status|p1a: Exeggutor|slp|[from] move: Sleep Powder
|
|upkeep
|turn|30
|
|t:|1773533580
|switch|p1a: Chansey|Chansey|100/100
|switch|p2a: Chansey|Chansey|100/100
|
|upkeep
|turn|31
|
|t:|1773533584
|move|p2a: Chansey|Thunder Wave|p1a: Chansey
|-status|p1a: Chansey|par
|cant|p1a: Chansey|par
|
|upkeep
|turn|32
|
|t:|1773533596
|switch|p2a: Snorlax|Snorlax|59/100
|move|p1a: Chansey|Ice Beam|p2a: Snorlax
|-damage|p2a: Snorlax|40/100
|
|upkeep
|turn|33
|
|t:|1773533609
|switch|p1a: Gengar|Gengar|100/100
|move|p2a: Snorlax|Reflect|p2a: Snorlax
|-start|p2a: Snorlax|Reflect
|
|upkeep
|turn|34
|
|t:|1773533611
|move|p1a: Gengar|Psychic|p2a: Snorlax
|-damage|p2a: Snorlax|17/100
|-unboost|p2a: Snorlax|spa|1
|-unboost|p2a: Snorlax|spd|1
|move|p2a: Snorlax|Rest|p2a: Snorlax
|-status|p2a: Snorlax|slp|[from] move: Rest
|-heal|p2a: Snorlax|100/100 slp|[silent]
|
|upkeep
|turn|35
|
|t:|1773533619
|move|p1a: Gengar|Psychic|p2a: Snorlax
|-damage|p2a: Snorlax|68/100 slp
|cant|p2a: Snorlax|slp
|
|upkeep
|turn|36
|
|t:|1773533624
|switch|p2a: Chansey|Chansey|100/100
|move|p1a: Gengar|Psychic|p2a: Chansey
|-damage|p2a: Chansey|88/100
|
|upkeep
|turn|37
|inactive|dangerk1d has 270 seconds left.
|
|t:|1773533658
|switch|p1a: Chansey|Chansey|100/100 par
|switch|p2a: Rhydon|Rhydon|76/100
|
|upkeep
|turn|38
|inactive|dangerk1d has 270 seconds left.
|
|t:|1773533676
|switch|p1a: Starmie|Starmie|100/100
|move|p2a: Rhydon|Earthquake|p1a: Starmie
|-damage|p1a: Starmie|54/100
|
|upkeep
|turn|39
|
|t:|1773533682
|switch|p2a: Chansey|Chansey|88/100
|move|p1a: Starmie|Recover|p1a: Starmie
|-heal|p1a: Starmie|100/100
|
|upkeep
|turn|40
|
|t:|1773533693
|switch|p1a: Chansey|Chansey|100/100 par
|move|p2a: Chansey|Thunder Wave|p1a: Chansey
|-fail|p1a: Chansey|par
|
|upkeep
|turn|41
|
|t:|1773533698
|switch|p2a: Snorlax|Snorlax|68/100 slp
|move|p1a: Chansey|Ice Beam|p2a: Snorlax
|-damage|p2a: Snorlax|49/100 slp
|
|upkeep
|turn|42
|
|t:|1773533704
|-curestatus|p2a: Snorlax|slp|[msg]
|move|p1a: Chansey|Ice Beam|p2a: Snorlax
|-damage|p2a: Snorlax|29/100
|
|upkeep
|turn|43
|
|t:|1773533711
|switch|p1a: Tauros|Tauros|100/100
|move|p2a: Snorlax|Rest|p2a: Snorlax
|-status|p2a: Snorlax|slp|[from] move: Rest
|-heal|p2a: Snorlax|100/100 slp|[silent]
|
|upkeep
|turn|44
|
|t:|1773533719
|move|p1a: Tauros|Body Slam|p2a: Snorlax
|-damage|p2a: Snorlax|77/100 slp
|cant|p2a: Snorlax|slp
|
|upkeep
|turn|45
|
|t:|1773533722
|move|p1a: Tauros|Body Slam|p2a: Snorlax
|-damage|p2a: Snorlax|53/100 slp
|-curestatus|p2a: Snorlax|slp|[msg]
|
|upkeep
|turn|46
|
|t:|1773533725
|switch|p1a: Gengar|Gengar|100/100
|move|p2a: Snorlax|Body Slam|p1a: Gengar
|-immune|p1a: Gengar
|
|upkeep
|turn|47
|
|t:|1773533730
|switch|p1a: Tauros|Tauros|100/100
|move|p2a: Snorlax|Reflect|p2a: Snorlax
|-start|p2a: Snorlax|Reflect
|
|upkeep
|turn|48
|
|t:|1773533736
|switch|p1a: Gengar|Gengar|100/100
|move|p2a: Snorlax|Body Slam|p1a: Gengar
|-immune|p1a: Gengar
|
|upkeep
|turn|49
|
|t:|1773533739
|move|p1a: Gengar|Psychic|p2a: Snorlax
|-crit|p2a: Snorlax
|-damage|p2a: Snorlax|14/100
|-unboost|p2a: Snorlax|spa|1
|-unboost|p2a: Snorlax|spd|1
|move|p2a: Snorlax|Body Slam|p1a: Gengar
|-immune|p1a: Gengar
|
|upkeep
|turn|50
|
|t:|1773533748
|switch|p2a: Chansey|Chansey|88/100
|move|p1a: Gengar|Explosion|p2a: Chansey
|-damage|p2a: Chansey|10/100
|faint|p1a: Gengar
|
|t:|1773533751
|switch|p1a: Tauros|Tauros|100/100
|turn|51
|
|t:|1773533778
|switch|p2a: Starmie|Starmie|10/100 par
|move|p1a: Tauros|Body Slam|p2a: Starmie
|-damage|p2a: Starmie|0 fnt
|faint|p2a: Starmie
|
|t:|1773533781
|switch|p2a: Exeggutor|Exeggutor|100/100
|turn|52
|
|t:|1773533797
|switch|p1a: Chansey|Chansey|100/100 par
|move|p2a: Exeggutor|Psychic|p1a: Chansey
|-damage|p1a: Chansey|84/100 par
|
|upkeep
|turn|53
|
|t:|1773533812
|move|p2a: Exeggutor|Psychic|p1a: Chansey|[miss]
|-miss|p2a: Exeggutor
|-hint|In Gen 1, moves with 100% accuracy can still miss 1/256 of the time.
|cant|p1a: Chansey|par
|
|upkeep
|turn|54
|
|t:|1773533826
|move|p2a: Exeggutor|Psychic|p1a: Chansey
|-damage|p1a: Chansey|67/100 par
|move|p1a: Chansey|Ice Beam|p2a: Exeggutor
|-supereffective|p2a: Exeggutor
|-damage|p2a: Exeggutor|66/100
|
|upkeep
|turn|55
|
|t:|1773533832
|switch|p2a: Snorlax|Snorlax|14/100
|move|p1a: Chansey|Ice Beam|p2a: Snorlax
|-damage|p2a: Snorlax|0 fnt
|faint|p2a: Snorlax
|
|t:|1773533835
|switch|p2a: Rhydon|Rhydon|76/100
|turn|56
|
|t:|1773533841
|switch|p1a: Tauros|Tauros|100/100
|move|p2a: Rhydon|Body Slam|p1a: Tauros
|-crit|p1a: Tauros
|-damage|p1a: Tauros|58/100
|
|upkeep
|turn|57
|
|t:|1773533858
|move|p1a: Tauros|Blizzard|p2a: Rhydon
|-supereffective|p2a: Rhydon
|-damage|p2a: Rhydon|22/100
|move|p2a: Rhydon|Earthquake|p1a: Tauros
|-damage|p1a: Tauros|20/100
|
|upkeep
|turn|58
|
|t:|1773533868
|switch|p2a: Tauros|Tauros|58/100 slp
|move|p1a: Tauros|Earthquake|p2a: Tauros
|-damage|p2a: Tauros|33/100 slp
|
|upkeep
|turn|59
|
|t:|1773533871
|cant|p2a: Tauros|slp
|move|p1a: Tauros|Body Slam|p2a: Tauros
|-damage|p2a: Tauros|2/100 slp
|
|upkeep
|turn|60
|
|t:|1773533875
|move|p1a: Tauros|Body Slam|p2a: Tauros
|-damage|p2a: Tauros|0 fnt
|faint|p2a: Tauros
|
|t:|1773533876
|switch|p2a: Exeggutor|Exeggutor|66/100
|turn|61
|
|t:|1773533881
|move|p1a: Tauros|Hyper Beam|p2a: Exeggutor
|-damage|p2a: Exeggutor|18/100
|-mustrecharge|p1a: Tauros
|move|p2a: Exeggutor|Psychic|p1a: Tauros
|-damage|p1a: Tauros|0 fnt
|faint|p1a: Tauros
|
|t:|1773533885
|switch|p1a: Starmie|Starmie|100/100
|turn|62
|
|t:|1773533890
|move|p1a: Starmie|Blizzard|p2a: Exeggutor
|-supereffective|p2a: Exeggutor
|-damage|p2a: Exeggutor|0 fnt
|faint|p2a: Exeggutor
|
|t:|1773533892
|switch|p2a: Chansey|Chansey|10/100
|turn|63
|
|t:|1773533893
|move|p1a: Starmie|Psychic|p2a: Chansey
|-crit|p2a: Chansey
|-damage|p2a: Chansey|0 fnt
|faint|p2a: Chansey
|c|☆dangerk1d|gg
|
|t:|1773533898
|switch|p2a: Rhydon|Rhydon|22/100
|turn|64
|c|☆violet river|gg
|
|t:|1773533901
|move|p1a: Starmie|Psychic|p2a: Rhydon
|-crit|p2a: Rhydon
|-damage|p2a: Rhydon|0 fnt
|faint|p2a: Rhydon
|
|win|violet river
|player|p1|
