|inactive|Battle timer is ON: inactive players will automatically lose when time's up.
|t:|1773533423
|gametype|singles
|player|p1|Acetylaldehyde|scientist-gen1rb|
|player|p2|Ban Manaphy|#pmpliiidachsbuns|
|gen|1
|tier|[Gen 1] OU
|rule|Desync Clause Mod: Desyncs changed to move failure.
|rule|HP Percentage Mod: HP is shown in percentages
|rule|Endless Battle Clause: Forcing endless battles is banned
|rule|Sleep Clause Mod: Limit one foe put to sleep
|rule|Freeze Clause Mod: Limit one foe frozen
|rule|Species Clause: Limit one of each Pokémon
|rule|OHKO Clause: OHKO moves are banned
|rule|Evasion Moves Clause: Evasion moves are banned
|raw|<div class="infobox"><details class="readmore"><summary><strong>8 custom rules:</strong></summary> stabmons move legality, *bind, *clamp, *hypnosis, *lovelykiss, *sing, *spore, *wrap</details></div>
|
|t:|1773533423
|teamsize|p1|6
|teamsize|p2|6
|start
|switch|p1a: Alakazam|Alakazam|100/100
|switch|p2a: Jolteon|Jolteon|100/100
|turn|1
|inactive|Acetylaldehyde also wants the timer to be on.
|c|☆Acetylaldehyde|hf
|c|☆Ban Manaphy|have fun
|
|t:|1773533435
|move|p2a: Jolteon|Thunder Wave|p1a: Alakazam
|-status|p1a: Alakazam|par
|move|p1a: Alakazam|Thunder Wave|p2a: Jolteon
|-status|p2a: Jolteon|par
|
|upkeep
|turn|2
|
|t:|1773533441
|cant|p2a: Jolteon|par
|move|p1a: Alakazam|Psychic|p2a: Jolteon
|-damage|p2a: Jolteon|62/100 par
|
|upkeep
|turn|3
|
|t:|1773533447
|move|p2a: Jolteon|Explosion|p1a: Alakazam
|-damage|p1a: Alakazam|4/100 par
|faint|p2a: Jolteon
|inactive|Ban Manaphy has 270 seconds left.
|
|t:|1773533480
|switch|p2a: Lapras|Lapras|100/100
|turn|4
|inactive|Ban Manaphy has 270 seconds left.
|inactive|Acetylaldehyde has 270 seconds left.
|
|t:|1773533529
|move|p2a: Lapras|Blizzard|p1a: Alakazam
|-damage|p1a: Alakazam|0 fnt
|faint|p1a: Alakazam
|
|t:|1773533532
|switch|p1a: Starmie|Starmie|100/100
|turn|5
|
|t:|1773533540
|switch|p2a: Exeggutor|Exeggutor|100/100
|move|p1a: Starmie|Thunder Wave|p2a: Exeggutor
|-status|p2a: Exeggutor|par
|
|upkeep
|turn|6
|
|t:|1773533546
|move|p1a: Starmie|Blizzard|p2a: Exeggutor
|-crit|p2a: Exeggutor
|-supereffective|p2a: Exeggutor
|-damage|p2a: Exeggutor|23/100 par
|move|p2a: Exeggutor|Sleep Powder|p1a: Starmie
|-status|p1a: Starmie|slp|[from] move: Sleep Powder
|
|upkeep
|turn|7
|inactive|Acetylaldehyde has 270 seconds left.
|inactive|Acetylaldehyde has 240 seconds left.
|
|t:|1773533613
|switch|p1a: Exeggutor|Exeggutor|100/100
|cant|p2a: Exeggutor|par
|
|upkeep
|turn|8
|
|t:|1773533623
|move|p1a: Exeggutor|Psychic|p2a: Exeggutor
|-crit|p2a: Exeggutor
|-resisted|p2a: Exeggutor
|-damage|p2a: Exeggutor|0 fnt
|faint|p2a: Exeggutor
|
|t:|1773533650
|switch|p2a: Articuno|Articuno|100/100
|turn|9
|inactive|Acetylaldehyde has 240 seconds left.
|
|t:|1773533662
|switch|p1a: Cloyster|Cloyster|100/100
|move|p2a: Articuno|Blizzard|p1a: Cloyster
|-resisted|p1a: Cloyster
|-damage|p1a: Cloyster|85/100
|
|upkeep
|turn|10
|inactive|Acetylaldehyde has 240 seconds left.
|
|t:|1773533673
|move|p2a: Articuno|Blizzard|p1a: Cloyster
|-resisted|p1a: Cloyster
|-damage|p1a: Cloyster|69/100
|move|p1a: Cloyster|Crabhammer|p2a: Articuno
|-crit|p2a: Articuno
|-damage|p2a: Articuno|58/100
|
|upkeep
|turn|11
|
|t:|1773533681
|switch|p2a: Lapras|Lapras|100/100
|move|p1a: Cloyster|Crabhammer|p2a: Lapras
|-crit|p2a: Lapras
|-resisted|p2a: Lapras
|-damage|p2a: Lapras|80/100
|
|upkeep
|turn|12
|
|t:|1773533689
|move|p1a: Cloyster|Clamp|p2a: Lapras|[miss]
|-miss|p1a: Cloyster
|move|p2a: Lapras|Thunderbolt|p1a: Cloyster
|-supereffective|p1a: Cloyster
|-damage|p1a: Cloyster|20/100
|
|upkeep
|turn|13
|
|t:|1773533707
|move|p1a: Cloyster|Explosion|p2a: Lapras
|-damage|p2a: Lapras|12/100
|faint|p1a: Cloyster
|
|t:|1773533716
|switch|p1a: Jolteon|Jolteon|100/100
|turn|14
|
|t:|1773533721
|move|p1a: Jolteon|Thunderbolt|p2a: Lapras
|-supereffective|p2a: Lapras
|-damage|p2a: Lapras|0 fnt
|faint|p2a: Lapras
|
|t:|1773533729
|switch|p2a: Snorlax|Snorlax|100/100
|turn|15
|
|t:|1773533737
|switch|p1a: Exeggutor|Exeggutor|100/100
|switch|p2a: Articuno|Articuno|58/100
|
|upkeep
|turn|16
|inactive|Acetylaldehyde has 270 seconds left.
|
|t:|1773533750
|switch|p1a: Starmie|Starmie|100/100 slp
|move|p2a: Articuno|Blizzard|p1a: Starmie
|-resisted|p1a: Starmie
|-damage|p1a: Starmie|73/100 slp
|
|upkeep
|turn|17
|inactive|Acetylaldehyde has 270 seconds left.
|
|t:|1773533759
|-curestatus|p1a: Starmie|slp|[msg]
|move|p2a: Articuno|Blizzard|p1a: Starmie|[miss]
|-miss|p2a: Articuno
|
|upkeep
|turn|18
|
|t:|1773533765
|move|p1a: Starmie|Crabhammer|p2a: Articuno
|-crit|p2a: Articuno
|-damage|p2a: Articuno|16/100
|move|p2a: Articuno|Agility|p2a: Articuno
|-boost|p2a: Articuno|spe|2
|
|upkeep
|turn|19
|
|t:|1773533775
|move|p2a: Articuno|Blizzard|p1a: Starmie
|-resisted|p1a: Starmie
|-damage|p1a: Starmie|46/100
|move|p1a: Starmie|Thunderbolt|p2a: Articuno
|-supereffective|p2a: Articuno
|-damage|p2a: Articuno|0 fnt
|faint|p2a: Articuno
|
|t:|1773533782
|switch|p2a: Tauros|Tauros|100/100
|turn|20
|
|t:|1773533786
|move|p1a: Starmie|Thunder Wave|p2a: Tauros
|-status|p2a: Tauros|par
|move|p2a: Tauros|Slash|p1a: Starmie
|-crit|p1a: Starmie
|-damage|p1a: Starmie|0 fnt
|faint|p1a: Starmie
|
|t:|1773533793
|switch|p1a: Jolteon|Jolteon|100/100
|turn|21
|
|t:|1773533796
|switch|p2a: Snorlax|Snorlax|100/100
|move|p1a: Jolteon|Thunderbolt|p2a: Snorlax
|-damage|p2a: Snorlax|71/100
|
|upkeep
|turn|22
|
|t:|1773533801
|move|p1a: Jolteon|Explosion|p2a: Snorlax
|-damage|p2a: Snorlax|23/100
|faint|p1a: Jolteon
|
|t:|1773533807
|switch|p1a: Exeggutor|Exeggutor|100/100
|turn|23
|
|t:|1773533811
|move|p1a: Exeggutor|Psychic|p2a: Snorlax
|-damage|p2a: Snorlax|0 fnt
|faint|p2a: Snorlax
|
|t:|1773533813
|switch|p2a: Tauros|Tauros|100/100 par
|turn|24
|
|t:|1773533816
|move|p1a: Exeggutor|Explosion|p2a: Tauros
|-damage|p2a: Tauros|26/100 par
|faint|p1a: Exeggutor
|
|t:|1773533819
|switch|p1a: Tauros|Tauros|100/100
|turn|25
|
|t:|1773533823
|move|p1a: Tauros|Slash|p2a: Tauros
|-crit|p2a: Tauros
|-damage|p2a: Tauros|0 fnt
|faint|p2a: Tauros
|
|win|Acetylaldehyde
|c|☆Ban Manaphy|ggs
|c|☆Acetylaldehyde|ggs man
|c|☆Acetylaldehyde|rly fun games
